@article{Fletcher1933,
  author = {Fletcher H., Munson W. A.},
  bdsk-url-1 = {http://link.aip.org/link/?JAS/5/82/1},
  bdsk-url-2 = {http://dx.doi.org/10.1121/1.1915637},
  journal = {The Journal of the Acoustical Society of America},
  month = {October},
  number = 2,
  pages = {82--108},
  title = {Loudness, Its Definition, Measurement and Calculation},
  volume = 5,
  year = 1933
}

@article{Freedman1967,
author = {Freedman M. D.},

title = {Analysis of Musical Instrument Tones},
publisher = {ASA},
year = {1967},
journal = {The Journal of the Acoustical Society of America},
volume = {41},
number = {4A},
pages = {793-806},
url = {http://link.aip.org/link/?JAS/41/793/1},
doi = {10.1121/1.1910409}
}

@ARTICLE{Kodera1978,
author={Kodera K., Gendrin R., Villedary C.},
journal={Acoustics, Speech and Signal Processing, IEEE Transactions on},
title={Analysis of time-varying signals with small BT values},
year={1978},
volume={26},
number={1},
pages={64-76},
keywords={Band pass filters;Bandwidth;Delay effects;Energy resolution;Entropy;Frequency;Nonlinear filters;Signal analysis;Signal processing;Signal resolution},
doi={10.1109/TASSP.1978.1163047},
ISSN={0096-3518},}

@article{
Rabiner1989, 
title={Скрытые марковские модели и их применение в избранных приложениях при распознавании речи: Обзор}, 
volume={77}, 
number={2},
language={russian},
journal={ТИИЭР}, 
author={Рабинер И.}, 
year={1989}, 
}

@article{Elman1990,
  author={J. L. Elman},
  title={Finding structure in time},
  journal={Cognitive Science},
  year={1990},
  volume={14},
  number={2},
  pages={179--211},
  doi={10.1016/0364-0213(90)90002-E},
  url={http://groups.lis.illinois.edu/amag/langev/paper/elman90findingStructure.html}
}

@article{Brown1992,
  added-at = {2008-03-11T21:02:16.000+0100},
  author = {Brown, J. and Puckette, M. S.},
  biburl = {http://www.bibsonomy.org/bibtex/2dfd00c4e2de23295a0ee27339bcef5d1/voland},
  interhash = {0bdf64eb6815942e0b730d12146be124},
  intrahash = {dfd00c4e2de23295a0ee27339bcef5d1},
  journal = {Journal of the Acoustical Society of America},
  keywords = {algorithm constant-q_transform dsp transform},
  month = {November},
  number = 5,
  pages = {2698-2701},
  timestamp = {2008-03-11T21:02:16.000+0100},
  title = {An efficient algorithm for the calculation of a constant Q transform},
  volume = 92,
  year = 1992
}

@article{Aono1998,
author = {Y. Aono and H. Katayose and S. Inokuchi},
title = {{A Real-time Session Composer with Acoustic Polyphonic Instruments}},
journal = {Proceedings of ICMC 1998},
pages = {236-239},
year = {1998},
masid = {2617009}
}

@article{Cohn1998,
  author = {Cohn R.},
  journal = {Journal of Music Theory},
  number = 2,
  pages = {167-180},
  publisher = {Duke University Press on behalf of the Yale University Department of Music},
  title = {Introduction to Neo-Riemannian Theory: A Survey and a Historical Perspective},
  volume = 42,
  year = 1998
}

@article{LeCun1998,
  author = {LeCun, Y. and Bottou, L. and Bengio, Y. and Haffner, P.},
  doi = {10.1109/5.726791},
  issn = {0018-9219},
  journal = {Proceedings of the IEEE},
  keywords = {sys:relevantfor:acogpr CNN},
  month = {November},
  number = 11,
  pages = {2278-2324},
  title = {Gradient-based learning applied to document recognition},
  volume = 86,
  year = {1998}
}

@article{
	Fujishima1999,
	author={Fujishima T.},
	title={Realtime Chord Recognition of Musical Sound: a System Using Common Lisp Music},
	journal={Proc. ICMC, 1999},
	year={1999},
	pages={464-467},
	URL={http://ci.nii.ac.jp/naid/10013545881/en/}
}

@article{Ghahramani2001,
  author    = {Z. Ghahramani},
  title     = {An Introduction to Hidden Markov Models and Bayesian Networks},
  journal   = {IJPRAI},
  volume    = {15},
  number    = {1},
  year      = {2001},
  pages     = {9-42},
  ee        = {http://dx.doi.org/10.1142/S0218001401000836},
  bibsource = {DBLP, http://dblp.uni-trier.de}
}

@article{Berenzweig2004,
 author = {Berenzweig, A. and Logan, B. and Ellis, D. P. W. and Whitman, B. P. W.},
 title = {A Large-Scale Evaluation of Acoustic and Subjective Music-Similarity Measures},
 journal = {Comput. Music J.},
 issue_date = {June 2004},
 volume = {28},
 number = {2},
 month = {June},
 year = {2004},
 issn = {0148-9267},
 pages = {63--76},
 numpages = {14},
 url = {http://dx.doi.org/10.1162/014892604323112257},
 doi = {10.1162/014892604323112257},
 acmid = {1112912},
 publisher = {MIT Press},
 address = {Cambridge, MA, USA},
} 

@ARTICLE{Schueler2005,
  AUTHOR = {Sch\"uler, N.},
  TITLE = {Reflections on the history of computer-assisted music analysis I: predecessors and the beginnings.},
  JOURNAL = {Muzikoloski zbornik},
  YEAR = {2005},
  VOLUME = {41},
  PAGES = {31--43},
  URL = {http://uweb.txstate.edu/~ns13/Schuler-CAMA-I.pdf},
  PUBLISHER = {Filozofska fakulteta, Oddelek za muzikologijo},
}

@article{Downie2008,
    author = {Downie, S. J.},
    citeulike-article-id = {3800593},
    citeulike-linkout-0 = {http://www.jstage.jst.go.jp/article/ast/29/4/29\_247/\_article},
    journal = {Acoustical Science and Technology},
    keywords = {evaluation, information, music, research, retrieval},
    number = {4},
    pages = {247--255},
    posted-at = {2008-12-17 07:06:17},
    priority = {2},
    title = {{The music information retrieval evaluation exchange (2005-2007): A window into music information retrieval research}},
    url = {http://www.jstage.jst.go.jp/article/ast/29/4/29\_247/\_article},
    volume = {29},
    year = {2008}
}

@article{Bengio2009,
 author = {Bengio, Yoshua},
 title = {Learning Deep Architectures for AI},
 journal = {Found. Trends Mach. Learn.},
 issue_date = {January 2009},
 volume = {2},
 number = {1},
 month = {January},
 year = {2009},
 issn = {1935-8237},
 pages = {1--127},
 numpages = {127},
 url = {http://dx.doi.org/10.1561/2200000006},
 doi = {10.1561/2200000006},
 acmid = {1658424},
 publisher = {Now Publishers Inc.},
 address = {Hanover, MA, USA},
}

@article{Vincent2010,
    author = {P. Vincent, H. Larochelle, I. Lajoie, Y. Bengio, and P.-A. Manzagol},
    title = {Stacked Denoising Autoencoders: Learning Useful Representations in a Deep Network with a Local Denoising Criterion},
    journal = {The Journal of Machine Learning Research},
    volume = {11},
    pages = {3371-3408},
    year = {2010}
}

@article{Oliveira2012,
  author    = {J. L. Oliveira and M. E. P. Davies and F. Gouyon and L. P. Reis},
  title     = {Beat Tracking for Multiple Applications: A Multi-Agent System
               Architecture With State Recovery},
  journal   = {IEEE Transactions on Audio, Speech {\&} Language Processing},
  volume    = {20},
  number    = {10},
  year      = {2012},
  pages     = {2696-2706},
  ee        = {http://dx.doi.org/10.1109/TASL.2012.2210878},
  bibsource = {DBLP, http://dblp.uni-trier.de}
}

@article{Humphrey2013,
    author = {Humphrey, E. J. and Bello, J. P. and LeCun, Y.},
    journal = {Journal of Intelligent Information Systems},
    doi = {10.1007/s10844-013-0248-5},
    keywords = {deep-learning},
    pages = {1--21},
    posted-at = {2013-07-16 18:03:49},
    priority = {4},
    publisher = {Springer US},
    title = {{Feature learning and deep architectures: new directions for music informatics}},
    url = {http://dx.doi.org/10.1007/s10844-013-0248-5},
    year = {2013}
}

@BOOK{Vahromeev1962,
  title = {Элементарная теория музыки},
  publisher = {Москва "Государственное музыкальное издательство"},
  year = {1961},
  language={russian},
  editor = {К. Соловьева},
  author = {Вахромеев В. А.}
}

@book{Bse1972,
  address = {М.},
  editor = {А. М. Прохоров},
  edition = {3-е},
  language={russian},
  publisher = {Советская энциклопедия},
  title = {Большая советская энциклопедия.},
  volume = 9,
  year = 1972
}

@BOOK{Rabiner1978,
  title = {Теория и применение цифровой обработки сигналов},
  publisher = {Москва "МИР"},
  year = {1978},
  editor = {Л. Якименко},
  author = {Рабинер Л., Гоулд Б.}
}

@book{TalbotSmith1999,
  title={Audio Engineer's Reference Book},
  author={M. Talbot-Smith},
  isbn={9780240515281},
  lccn={98042607},
  url={http://books.google.ru/books?id=LcySXZbdamEC},
  year={1999},
  publisher={Taylor \& Francis}
}

@book{Lerdahl2001,
  title={Tonal Pitch Space},
  author={Lerdahl, F.},
  isbn={9780195346374},
  year={2001},
  publisher={Oxford University Press, USA}
}

@book{Temperley2001,
  title={The cognition of basic musical structures},
  author={Temperley, D.},
  isbn={9780262201346},
  lccn={lc00054801},
  year={2001},
  publisher={Mit Press}
}

@book{Christensen2002,
  title={The Cambridge History of Western Music Theory},
  author={Christensen, T.},
  isbn={9780521623711},
  lccn={00050366},
  series={The Cambridge History of Music},
  year={2002},
  publisher={Cambridge University Press}
}

@BOOK{Aldoshina2006,
  title = {Музыкальная акустика},
  publisher = {Санкт-Петербург "Композитор"},
  year = {2006},
  language={russian},
  editor = {Т. И. Кий},
  author = {И. А. Алдошина, Р. Приттс}
}

@BOOK{Levitin2006,
  title = {This is Your Brain on Music: Understanding a Human Obsession},
  publisher = {Atlantic Books Ltd.},
  year = {2006},
  author = {Levitin, Daniel J.}
}

@BOOK{Oppenheim2006,
  title = {Цифровая обработка сигналов},
  publisher = {Москва "Техносфера"},
  year = {2006},
  editor = {О. Н. Кулешова},
  author = {Оппенгейм А., Шафер Р.}
}

@book{Fastl2007,
  author = {H. Fastl, E. Zwicker},
  editor = {Thomas S. Huang, Teuvo Kohonen, Manfred R. Schroeder},
  title = {Psychoacoustics - Facts and Models},
  publisher = {Springer-Verlag Berlin Heidelberg},
  year = 2007
}

@book{Mueller2007,
  author = {Müller, M.},
  biburl = {http://www.bibsonomy.org/bibtex/24f255c472b07e48872d22cb6b5457f3a/dblp},
  ee = {http://dx.doi.org/10.1007/978-3-540-74048-3},
  publisher = {Springer-Verlag Berlin Heidelberg},
  title = {Information retrieval for music and motion.},
  year = 2007
}

@BOOK{Lerch2012,
  title = {Audio content analysis: an introduction},
  publisher = {John Wiley \& Sons, Inc., Hoboken, New Jersey},
  year = {2012},
  author = {A. Lerch}
}

@BOOK{Sposobin2012,
  title = {Элементарная теория музыки},
  publisher = {Москва "КИФАРА"},
  year = {2012},
  editor = {В. Григоренко},
  author = {Способин И. В.}
}

@phdthesis{Chew2000,
    author = {Chew, E.},
    keywords = {mathematics, music, statistics, tonality},
    location = {Cambridge, Massachusetts},
    month = "Feb",
    priority = {2},
    school = {Massachusetts Institute of Technology},
    title = {{Towards a Mathematical Model of Tonality}},
    url = {http://www-bcf.usc.edu/\~{}echew/papers/Dissertation2000/ec-dissertation.pdf},
    year = 2000
}

@phdthesis{Gomez2006,
	title = {Tonal Description of Music Audio Signals},
	year = {2006},
	school = {Universitat Pompeu Fabra},
	url = {files/publications/emilia-PhD-2006.pdf},
	author = {G{\'o}mez, E.}
}

@phdthesis{Harte2010,
	author = {Harte, C.},
	title = {Towards Automatic Extraction of Harmony Information from Music Signals},
	school = {Queen Mary University of London, Centre for Digital Music},
	year = {2010} 
}

@phdthesis{MauchThesis2010,
	Author = {M. Mauch},
	School = {Queen Mary University of London},
	Title = {Automatic Chord Transcription from Audio Using Computational Models of Musical Context},
	Year = {2010}
}

@InProceedings{Logan2000,
	author = {Logan, B.},
	title = {Mel Frequency Cepstral Coefficients for Music Modeling},
	year = 2000,
	address = "Plymouth (Massachusetts), USA",
	month = "October 23",
	booktitle = "Proceedings of the 1st International Conference on Music Information Retrieval",
	note = {\url{http://ismir2000.ismir.net/papers/logan_paper.pdf}}
}

@inproceedings{Lafferty2001,
 author = {Lafferty, J. D. and McCallum, A. and Pereira, F. C. N.},
 title = {Conditional Random Fields: Probabilistic Models for Segmenting and Labeling Sequence Data},
 booktitle = {Proceedings of the Eighteenth International Conference on Machine Learning},
 series = {ICML '01},
 year = {2001},
 isbn = {1-55860-778-1},
 pages = {282--289},
 numpages = {8},
 url = {http://dl.acm.org/citation.cfm?id=645530.655813},
 acmid = {655813},
 publisher = {Morgan Kaufmann Publishers Inc.},
 address = {San Francisco, CA, USA},
}

@inproceedings{Goto2002,
  author    = {M. Goto and H. Hashiguchi and T. Nishimura and R. Oka},
  title     = {RWC Music Database: Popular, Classical and Jazz Music Databases},
  booktitle = {ISMIR},
  year      = {2002},
  ee        = {http://ismir2002.ismir.net/proceedings/03-SP04-1.pdf},
  bibsource = {DBLP, http://dblp.uni-trier.de}
}

@inproceedings{Sheh2003,
  added-at = {2006-03-01T00:00:00.000+0100},
  author = {Sheh, A. and Ellis, D. P. W.},
  biburl = {http://www.bibsonomy.org/bibtex/28a3b5f75c9dedf96309c7f84f2ea8dc6/dblp},
  booktitle = {ISMIR},
  crossref = {Sheh2003},
  date = {2006-03-01},
  description = {dblp},
  ee = {http://ismir2003.ismir.net/papers/Sheh.PDF},
  interhash = {c2566f5bfff8ce557d88b6bd3eae0a00},
  intrahash = {8a3b5f75c9dedf96309c7f84f2ea8dc6},
  keywords = {dblp},
  timestamp = {2006-03-01T00:00:00.000+0100},
  title = {Chord segmentation and recognition using EM-trained hidden markov models.},
  year = 2003
}

@InProceedings{Yoshioka2004,
	author = "Yoshioka, T. and Kitahara, T. and Komatani, K. and Ogata, T. and Okuno, H. G.",
	title = {Automatic Chord Transcription with Concurrent Recognition of Chord Symbols and Boundaries},
	year = 2004,
	address = "Barcelona, Spain",
	month = "October 10-14",
	booktitle = "Proceedings of the 5th International Conference on Music Information Retrieval",
	note = {\url{http://ismir2004.ismir.net/proceedings/p020-page-100-paper149.pdf}}
}

@InProceedings{Bello2005,
	author = "Bello, J. P. and Pickens, J.",
	title = {A Robust Mid-Level Representation for Harmonic Content in Music Signals},
	year = 2005,
	address = "London, UK",
	pages = "304--311",
	month = "September 11-15",
	booktitle = "Proceedings of the 6th International Conference on Music Information Retrieval",
	note = {\url{http://ismir2005.ismir.net/proceedings/1038.pdf}}
}

@article{Harte2005,
    author = {Harte, C. A. and Sandler, M.},
    citeulike-article-id = {2846435},
    journal = {Proc. of the 118th Convention. of the AES},
    keywords = {file-import-08-05-30, phd},
    posted-at = {2008-05-30 05:53:19},
    priority = {2},
    title = {{Automatic chord identification using a quantised chromagram}},
    year = {2005}
}

@article{Zhu2005,
author = {Y. Zhu and M. S. Kankanhalli and S. Gao},
title = {Music Key Detection for Musical Audio},
journal ={Multi-Media Modeling Conference, International},
volume = {0},
issn = {1550-5502},
year = {2005},
pages = {30-37},
doi = {http://doi.ieeecomputersociety.org/10.1109/MMMC.2005.56},
publisher = {IEEE Computer Society},
address = {Los Alamitos, CA, USA},
}

@inproceedings{Harte2006,
 author = {Harte, C. and Sandler, M. and Gasser, M.},
 title = {Detecting harmonic change in musical audio},
 booktitle = {Proceedings of the 1st ACM workshop on Audio and music computing multimedia},
 series = {AMCMM '06},
 year = {2006},
 isbn = {1-59593-501-0},
 location = {Santa Barbara, California, USA},
 pages = {21--26},
 numpages = {6},
 url = {http://doi.acm.org/10.1145/1178723.1178727},
 doi = {10.1145/1178723.1178727},
 acmid = {1178727},
 publisher = {ACM},
 address = {New York, NY, USA},
 keywords = {audio, harmonic, music, pitch space, segmentation},
}

@inproceedings{Lee2006,
    author = {Lee, K.},
    booktitle = {ICMC Proceedings},
    citeulike-article-id = {8473146},
    keywords = {audio, chord, chroma, classification, from},
    posted-at = {2010-12-23 07:18:22},
    priority = {0},
    title = {{Automatic chord recognition from audio using enhanced pitch class profile}},
    year = {2006}
}

@inproceedings{Lerch2006,
author = {A. Lerch},
title = {{On the Requirement of Automatic Tuning Frequency Estimation}},
booktitle = {International Symposium/Conference on Music Information Retrieval},
year = {2006},
pages = {212--215},
masid = {2457924}
}

@INPROCEEDINGS{Peeters2006,
    author = {G. Peeters},
    title = {Musical key estimation of audio signal based on hidden Markov modeling of chroma vectors},
    booktitle = {Proc. of the Int. Conf. on Digital Audio Effects (DAFx-06},
    year = {2006},
    pages = {127--131}
}

@InProceedings{Burgoyne2007,
	author = "Burgoyne, J. A. and Pugin, L. and Kereliuk, C. and Fujinaga, I.",
	title = {A Cross-Validated Study of Modelling Strategies for Automatic Chord Recognition in Audio},
	year = 2007,
	address = "Vienna, Austria",
	pages = "251--254",
	month = "September 23-27",
	booktitle = "Proceedings of the 8th International Conference on Music Information Retrieval",
	note = {\url{http://ismir2007.ismir.net/proceedings/ISMIR2007_p251_burgoyne.pdf}}
}

@article{Davies2007,
 author = {Davies, M. E. P. and Plumbley, M. D.},
 title = {Context-Dependent Beat Tracking of Musical Audio},
 journal = {Trans. Audio, Speech and Lang. Proc.},
 issue_date = {March 2007},
 volume = {15},
 number = {3},
 month = "March",
 year = {2007},
 issn = {1558-7916},
 pages = {1009--1020},
 numpages = {12},
 url = {http://dx.doi.org/10.1109/TASL.2006.885257},
 doi = {10.1109/TASL.2006.885257},
 acmid = {2210060},
 publisher = {IEEE Press},
 address = {Piscataway, NJ, USA},
 keywords = {Beat tracking, musical meter, onset detection, rhythm analysis},
}

@article{Dixon2007,
    author = {Dixon, S.},
    day = {1},
    doi = {10.1080/09298210701653310},
    journal = {Journal of New Music Research},
    keywords = {beat, root},
    month = "March",
    number = {1},
    pages = {39--50},
    posted-at = {2010-04-08 11:24:18},
    priority = {2},
    publisher = {Routledge},
    title = {{Evaluation of the Audio Beat Tracking System BeatRoot}},
    volume = {36},
    year = {2007}
}

@ARTICLE{Ellis2007,
    author = {D. P. W. Ellis},
    title = {Beat tracking by dynamic programming},
    journal = {Journal of New Music Research},
    year = {2007},
    volume = {36(1)},
    pages = {51--60}
}

@InProceedings{Lee2007,
	author = "Lee, K. and Slaney, M.",
	title = {A Unified System for Chord Transcription and Key Extraction Using Hidden Markov Models},
	year = 2007,
	address = "Vienna, Austria",
	pages = "245--250",
	month = "September 23-27",
	booktitle = "Proceedings of the 8th International Conference on Music Information Retrieval",
	note = {\url{http://ismir2007.ismir.net/proceedings/ISMIR2007_p245_lee.pdf}}
}

@inproceedings{Papadopoulos2007,
  author    = {H. Papadopoulos and G. Peeters},
  title     = {Large-Scale Study of Chord Estimation Algorithms Based on
               Chroma Representation and HMM},
  booktitle = {CBMI},
  year      = {2007},
  pages     = {53-60},
  ee        = {http://dx.doi.org/10.1109/CBMI.2007.385392},
  crossref  = {DBLP:conf/cbmi/2007},
  bibsource = {DBLP, http://dblp.uni-trier.de}
}

@proceedings{DBLP:conf/cbmi/2007,
  editor    = {Jenny Benois-Pineau},
  title     = {International Workshop on Content-Based Multimedia Indexing,
               CBMI '07, Bordeaux, France, June 25-27, 2007},
  booktitle = {CBMI},
  publisher = {IEEE},
  year      = {2007},
  isbn      = {978-1-4244-1010-1},
  ee        = {http://ieeexplore.ieee.org/xpl/mostRecentIssue.jsp?punumber=4275036},
  bibsource = {DBLP, http://dblp.uni-trier.de}
}

@incollection{Lee2008,
year={2008},
isbn={978-3-540-79859-0},
booktitle={Adaptive Multimedial Retrieval: Retrieval, User, and Semantics},
volume={4918},
series={Lecture Notes in Computer Science},
editor={Boujemaa, Nozha and Detyniecki, Marcin and NГјrnberger, Andreas},
doi={10.1007/978-3-540-79860-6_11},
title={A System for Automatic Chord Transcription from Audio Using Genre-Specific Hidden Markov Models},
publisher={Springer Berlin Heidelberg},
author={Lee, K.},
pages={134-146}
}

@InProceedings{Mauch2008,
	author = "Mauch, M. and Dixon, S.",
	title = {A Discrete Mixture Model for Chord Labelling},
	year = 2008,
	address = "Philadelphia, USA",
	pages = "45--50",
	month = "September 14-18",
	booktitle = "Proceedings of the 9th International Conference on Music Information Retrieval",
	note = {\url{http://ismir2008.ismir.net/papers/ISMIR2008_214.pdf}}
}

@InProceedings{Ono2008,
  author =	 {N. Ono and K.-I. Miyamoto and J {Le Roux} and H. Kameoka and S. Sagayama},
  title =	 {Separation of a Monaural Audio Signal into
                  Harmonic/Percussive Components by Complementary
                  Diffusion on Spectrogram},
  booktitle =	 {Proceedings of the EUSIPCO 2008 European Signal
                  Processing Conference},
  year =	 2008,
  month =	 "August"
}

@InProceedings{Sumi2008,
	author = "Sumi, K. and Itoyama, K. and Yoshii, K. and Komatani, K. and Ogata, T. and Okuno, H. G.",
	title = {Automatic Chord Recognition Based on Probabilistic Integration of Chord Transition and Bass Pitch Estimation},
	year = 2008,
	address = "Philadelphia, USA",
	pages = "39--44",
	month = "September 14-18",
	booktitle = "Proceedings of the 9th International Conference on Music Information Retrieval",
	note = {\url{http://ismir2008.ismir.net/papers/ISMIR2008_236.pdf}}
}

@InProceedings{Zhang2008,
	author = "Zhang, X. and Gerhard, D.",
	title = {Chord Recognition using Instrument Voicing Constraints},
	year = 2008,
	address = "Philadelphia, USA",
	pages = "33--38",
	month = "September 14-18",
	booktitle = "Proceedings of the 9th International Conference on Music Information Retrieval",
	note = {\url{http://ismir2008.ismir.net/papers/ISMIR2008_241.pdf}}
}

@InProceedings{KhadkevichPhase2009,
	author = "Khadkevich, M. and Omologo, M.",
	title = {Phase-change based tuning for automatic chord recognition.},
	year = 2009,
	address = "Como, Italy",
	month = "September 1-4",
	booktitle = "Proceedings of the 12th International Conference on Digital Audio Effects of DAFX",
}

@InProceedings{Khadkevich2009,
	author = "Khadkevich, M. and Omologo, M.",
	title = {Use of Hidden Markov Models and Factored Language Models for Automatic Chord Recognition},
	year = 2009,
	address = "Kobe, Japan",
	pages = "561--566",
	month = "October 26-30",
	booktitle = "Proceedings of the 10th International Society for Music Information Retrieval Conference",
	note = {\url{http://ismir2009.ismir.net/proceedings/OS7-4.pdf}}
}

@InProceedings{Mauch2009,
	author = "Mauch, M. and Noland, K. and Dixon, S.",
	title = {Using Musical Structure to Enhance Automatic Chord Transcription},
	year = 2009,
	address = "Kobe, Japan",
	pages = "231--236",
	month = "October 26-30",
	booktitle = "Proceedings of the 10th International Society for Music Information Retrieval Conference",
	note = {\url{http://ismir2009.ismir.net/proceedings/PS2-7.pdf}}
}

@inproceedings{MauchOmp2009,
        Author = {Mauch, M. and Cannam, C. and Davies, M. and Dixon, S. and Harte, C. and Kolozali, S. and Tidhar, D. and Sandler, M.},
        Booktitle = {Late-breaking session at the 10th International Conference on Music Information Retrieval, Kobe, Japan},
        Title = {{OMRAS}2 Metadata Project 2009},
        Year = {2009}}

@inproceedings{Mueller2009,
 author = {Müller, M. and Ewert, S. and Kreuzer, S.},
 title = {Making chroma features more robust to timbre changes},
 booktitle = {Proceedings of the 2009 IEEE International Conference on Acoustics, Speech and Signal Processing},
 series = {ICASSP '09},
 year = {2009},
 isbn = {978-1-4244-2353-8},
 pages = {1877--1880},
 numpages = {4},
 url = {http://dx.doi.org/10.1109/ICASSP.2009.4959974},
 doi = {10.1109/ICASSP.2009.4959974},
 acmid = {1584229},
 publisher = {IEEE Computer Society},
 address = {Washington, DC, USA},
}

@InProceedings{Oudre2009,
	author = "Oudre, L. and Grenier, Y. and Févotte, C.",
	title = {Template-Based Chord Recognition : Influence of the Chord Types},
	year = 2009,
	address = "Kobe, Japan",
	pages = "153--158",
	month = "October 26-30",
	booktitle = "Proceedings of the 10th International Society for Music Information Retrieval Conference",
	note = {\url{http://ismir2009.ismir.net/proceedings/PS1-17.pdf}}
}

@InProceedings{Reed2009,
	author = "Reed, J. and Ueda, Y. and Siniscalchi, S. and Uchiyama, Y. and Sagayama, S. and Lee, C.-H.",
	title = {Minimum Classification Error Training to Improve Isolated Chord Recognition},
	year = 2009,
	address = "Kobe, Japan",
	pages = "609--614",
	month = "October 26-30",
	booktitle = "Proceedings of the 10th International Society for Music Information Retrieval Conference",
	note = {\url{http://ismir2009.ismir.net/proceedings/PS4-6.pdf}}
}

@inproceedings{Weller2009,
 author = {Weller, A. and Ellis, D. and Jebara, T.},
 title = {Structured Prediction Models for Chord Transcription of Music Audio},
 booktitle = {Proceedings of the 2009 International Conference on Machine Learning and Applications},
 series = {ICMLA '09},
 year = {2009},
 isbn = {978-0-7695-3926-3},
 pages = {590--595},
 numpages = {6},
 url = {http://dx.doi.org/10.1109/ICMLA.2009.132},
 doi = {10.1109/ICMLA.2009.132},
 acmid = {1727063},
 publisher = {IEEE Computer Society},
 address = {Washington, DC, USA},
 keywords = {chord transcription, classification and prediction, structured and relational data, acoustic features},
}

@INPROCEEDINGS{Bergstra2010,
     author = {Bergstra, J. and Breuleux, O. and Bastien, F. and Lamblin, P. and Pascanu, R. and Desjardins, G. and Turian, J. and Warde-Farley, D. and Bengio, Y.},
      month = "June",
      title = {Theano: a {CPU} and {GPU} Math Expression Compiler},
  booktitle = {Proceedings of the Python for Scientific Computing Conference ({SciPy})},
       year = {2010},
   location = {Austin, TX},
       note = {Oral Presentation},
}

@inproceedings{Cho2010,
title={Exploring common variations in state of the art chord recognition systems},
author={Cho, T. and Weiss, R.J. and Bello, J.P.},
booktitle={Proceedings of the Sound and Music Computing Conference (SMC)},
pages={1--8},
month="July",
year={2010},
address = {Barcelona, Spain}
}

@article{Fitzgerald2010,
title={Harmonic/Percussive Separation using Median Filtering},
url={http://arrow.dit.ie/argart/9/},
number={1},
journal={Audio},
author={Fitzgerald, D},
year={2010},
pages={10--13}}

@InProceedings{Hrybyk2010,
	author = "Hrybyk, A. and Kim, Y. E.",
	title = {Combined Audio and Video Analysis for Guitar Chord Identification},
	year = 2010,
	address = "Utrecht, The Netherlands",
	pages = "159--164",
	month = "August 9-13",
	booktitle = "Proceedings of the 11th International Society for Music Information Retrieval Conference",
	note = {\url{http://ismir2010.ismir.net/proceedings/ismir2010-29.pdf}}
}

@InProceedings{Mauch2010,
	author = "Mauch, M. and Dixon, S.",
	title = {Approximate Note Transcription for the Improved Identification of Difficult Chords},
	year = 2010,
	address = "Utrecht, The Netherlands",
	pages = "135--140",
	month = "August 9-13",
	booktitle = "Proceedings of the 11th International Society for Music Information Retrieval Conference",
	note = {\url{http://ismir2010.ismir.net/proceedings/ismir2010-25.pdf}}
}

@InProceedings{Rocher2010,
	author = "Rocher, T. and Robine, M. and Hanna, P. and Oudre, L.",
	title = {Concurrent Estimation of Chords and Keys from Audio},
	year = 2010,
	address = "Utrecht, The Netherlands",
	pages = "141--146",
	month = "August 9-13",
	booktitle = "Proceedings of the 11th International Society for Music Information Retrieval Conference",
	note = {\url{http://ismir2010.ismir.net/proceedings/ismir2010-26.pdf}}
}

@inproceedings{Burgoyne2011,
  author    = {J. A. Burgoyne and J. Wild and I. Fujinaga},
  title     = {An Expert Ground Truth Set for Audio Chord Recognition and
               Music Analysis},
  booktitle = {Proceedings of the 12th International Society for Music
               Information Retrieval Conference, ISMIR 2011, Miami, Florida,
               USA, October 24-28, 2011},
  year      = {2011},
  pages     = {633-638},
  ee        = {http://ismir2011.ismir.net/papers/OS8-1.pdf},
  editor    = {A. Klapuri and C. Leider},
  publisher = {University of Miami},
  isbn      = {978-0-615-54865-4},
  bibsource = {DBLP, http://dblp.uni-trier.de}
}

@InProceedings{Cho2011,
	author = "Cho, T. and Bello, J. P.",
	title = {A Feature Smoothing Method for Chord Recognition Using Recurrence Plots},
	year = 2011,
	address = "Miami (Florida), USA",
	pages = "651--656",
	month = "October 24-28",
	booktitle = "Proceedings of the 12th International Society for Music Information Retrieval Conference",
	note = {\url{http://ismir2011.ismir.net/papers/OS8-4.pdf}}
}

@inproceedings{Humphrey2011,
  author = {Humphrey, Eric J. and Glennon, Aron P. and Bello, Juan Pablo},
  booktitle = {ICMLA (2)},
  editor = {wen Chen, Xue and Dillon, Tharam S. and Ishbuchi, Hisao and Pei, Jian and Wang, Haixun and Wani, M. Arif},
  ee = {http://doi.ieeecomputersociety.org/10.1109/ICMLA.2011.105},
  keywords = {dblp},
  pages = {142-147},
  publisher = {IEEE Computer Society},
  title = {Non-Linear Semantic Embedding for Organizing Large Instrument Sample Libraries.},
  year = 2011
}

@InProceedings{Jiang2011,
	AUTHOR = {Jiang, N. and Grosche, P. and Konz, V. and M{\"u}ller, M.},
	TITLE = {Analyzing Chroma Feature Types for Automated Chord Recognition},
	BOOKTITLE = {Proceedings of the AES 42nd International Conference: Semantic Audio},
	PUBLISHER = {AES},
	YEAR = {2011},
	PAGES = {285--294},
	ADDRESS = {Ilmenau, Germany},
}

@inproceedings{Khadkevich2011,
  title = {Time-frequency reassigned features for automatic chord recognition},
  author = {M. Khadkevich and M. Omologo},
  year = {2011},
  doi = {http://dx.doi.org/10.1109/ICASSP.2011.5946370},
  researchr = {http://researchr.org/publication/KhadkevichO11},
  cites = {0},
  citedby = {0},
  pages = {181-184},
  booktitle = {Proceedings of the IEEE International Conference on Acoustics, Speech, and Signal Processing, ICASSP 2011, May 22-27, 2011, Prague Congress Center, Prague, Czech Republic},
  publisher = {IEEE},
  isbn = {978-1-4577-0539-7},
}

@InProceedings{Mcvicar2011,
	author = "Mcvicar, M. and Ni, Y. and Santos-Rodriguez, R. and De Bie, T.",
	title = {Leveraging Noisy Online Databases for Use in Chord Recognition},
	year = 2011,
	address = "Miami (Florida), USA",
	pages = "639--644",
	month = "October 24-28",
	booktitle = "Proceedings of the 12th International Society for Music Information Retrieval Conference",
	note = {\url{http://ismir2011.ismir.net/papers/OS8-2.pdf}}
}

@InProceedings{DeHaas2012,
	author = "De Haas, W. B. and Magalhães, J. P. and Wiering, F.",
	title = {Improving Audio Chord Transcription by Exploiting Harmonic and Metric Knowledge},
	year = 2012,
	address = "Porto, Portugal",
	month = "October 8-12",
	booktitle = "Proceedings of the 13th International Society for Music Information Retrieval Conference",
	note = {\url{http://ismir2012.ismir.net/event/papers/295-ismir-2012.pdf}}
}

@InProceedings{Chen2012,
	author = "Chen, R. and Shen, W. and Srinivasamurthy, A. and Chordia, P.",
	title = {Chord Recognition Using Duration-explicit Hidden Markov Models},
	year = 2012,
	address = "Porto, Portugal",
	month = "October 8-12",
	booktitle = "Proceedings of the 13th International Society for Music Information Retrieval Conference",
	note = {\url{http://ismir2012.ismir.net/event/papers/445-ismir-2012.pdf}}
}

@inproceedings{Glazyrin2012,
  author = {N. Glazyrin and A. Klepinin},
  title = {Chord Recognition using Prewitt Filter and Self-Similarity},
  booktitle = {Proceedings of the 9th Sound and Music Computing Conference},
  pages = {480--485},
  month = "July",
  year = 2012,
  address = {Copenhagen, Denmark}
}

@inproceedings{Humphrey2012,
title={Learning a robust tonnetz-space transform for automatic chord recognition},
author={Humphrey, E.J. and Cho, T. and Bello, J.P.},
booktitle={Proceedings of the IEEE International Conference on Acoustics, Speech, and Signal Processing (ICASSP-12)},
pages={453--456},
month="May",
year={2012},
address={Kyoto, Japan}
}

@InProceedings{Maas2012,
  author = "Maas, A., Le, Q., O'Neil, T., Vinyals, O., Nguyen, P., Ng, A.",
  title = {Recurrent Neural Networks for Noise Reduction in Robust ASR},
  year = 2012,
  booktitle = "Proceedings of INTERSPEECH (2012)."
}

@InProceedings{Ni2012,
	author = "Ni, Y. and Mcvicar, M. and Santos-Rodriguez, R. and De Bie, T.",
	title = {Using Hyper-genre Training to Explore Genre Information for Automatic Chord Estimation},
	year = 2012,
	address = "Porto, Portugal",
	month = "October 8-12",
	booktitle = "Proceedings of the 13th International Society for Music Information Retrieval Conference",
	note = {\url{http://ismir2012.ismir.net/event/papers/109-ismir-2012.pdf}}
}

@InProceedings{BoulangerLewandowski2013,
	author = "Boulanger-Lewandowski, N. and Bengio, Y. and Vincent, P.",
	title = {Audio chord recognition with recurrent neural networks},
	year = 2013,
	month = "November 4-8",
	booktitle = "Proceedings of the 14th International Society for Music Information Retrieval Conference",
	note = {\url{http://www.ppgia.pucpr.br/ismir2013/wp-content/uploads/2013/09/243_Paper.pdf}}
}

@inproceedings{Giorgi2013,
	author = "B. di Giorgi, M. Zanoni, A. Sarti, S. Tubaro",
	title = {Automatic chord recognition based on the probabilistic modeling of diatonic modal harmony},
	booktitle = "Proceedings of the 8th international workshop on multidimensional (nD) systems - nDS13 - 2013, Erlangen, Germany",
	year = 2013,
	address = "Erlangen, Germany" 
}

@inproceedings{Pauwels2013,
	author = "J. Pauwels, G. Peeters",
	title = {Evaluating automatically estimated chord sequences},
	booktitle = "Proceedings of the IEEE International Conference on Acoustics, Speech, and Signal Processing (ICASSP-13)",
	year = 2013,
	month = "May 26-31",
	address = "Vancouver, Canada"
}

@mastersthesis {Moorer1975,
	title = {On the Segmentation and Analysis of Continuous Musical Sound by Digital Computer},
	volume = {Ph.D.},
	number = {STAN-M-3},
	year = {1975},
	school = {Stanford University},
	address = {Stanford, CA},
	keywords = {analysis, continuous musical sound, digital computer, segmentation},
	url = {https://ccrma.stanford.edu/files/papers/stanm3.pdf},
	author = {Moorer, J. A.}
}

@MISC{Martin1996,
    author = {Martin, K. D.},
    title = {Automatic Transcription of Simple Polyphonic Music: Robust Front End Processing},
    year = {1996}
}

@ONLINE{NgCS294A,
    author = {Ng A.},
    title = {CS294A Lecture Notes. Sparse autoencoder},
    month = {March},
    year = {2014},
	url = {http://www.stanford.edu/class/cs294a/sparseAutoencoder.pdf}
}

@ONLINE{AbletonLive,
title = {Ableton Live 9},
month = "March",
year = {2014},
url = {https://www.ableton.com/en/live/}
}

@ONLINE{ACEMcg2012,
title = {MIREX 2012: Audio Chord Description - McGill Dataset},
month = "November",
year = {2013},
url = {http://nema.lis.illinois.edu/nema\_out/mirex2012/results/ace/mcg/}
}

@ONLINE{ACEMrx2012,
title = {MIREX 2012: Audio Chord Description - MIREX09 Dataset},
month = "November",
year = {2013},
url = {http://nema.lis.illinois.edu/nema\_out/mirex2012/results/ace/mrx/}
}

@ONLINE{ACEMirex20092013,
title = {MIREX 2013: Audio Chord Estimation Results MIREX 2009},
month = "March",
year = {2014},
url = {http://www.music-ir.org/mirex/wiki/2013:Audio\_Chord\_Estimation\_Results\_MIREX\_2009}
}

@ONLINE{ACEBillboard20122013,
title = {MIREX 2013: Audio Chord Estimation Results Billboard 2012},
month = "March",
year = {2014},
url = {http://www.music-ir.org/mirex/wiki/2013:Audio\_Chord\_Estimation\_Results\_Billboard\_2012}
}

@ONLINE{ACEBillboard20132013,
title = {MIREX 2013: Audio Chord Estimation Results Billboard 2013},
month = "March",
year = {2014},
url = {http://www.music-ir.org/mirex/wiki/2013:Audio\_Chord\_Estimation\_Results\_Billboard\_2013}
}

@ONLINE{AnySongChordRecognition,
title = {AnySong Chord Recognition},
month = "March",
year = {2014},
url = {https://play.google.com/store/apps/details?id=com.musprojects.chord}
}

@ONLINE{ChordDetector,
title = {Chord Detector},
month = "March",
year = {2014},
url = {http://www.chord-detector.com/wordpress/apps/chorddetector/}
}

@ONLINE{Chordify,
title = {Chordify},
month = "March",
year = {2014},
url = {http://chordify.net/}
}

@ONLINE{MIDI,
title = {MIDI Specifications},
month = "March",
year = {2014},
url = {http://www.midi.org/techspecs/}
}

@ONLINE{MIDITuning,
title = {MIDI Tuning Messages},
month = "March",
year = {2014},
url = {http://www.midi.org/techspecs/midituning.php/}
}

@ONLINE{MirexHome,
title = {MIREX Home Page},
month = "March",
year = {2014},
url = {http://www.music-ir.org/mirex/wiki/MIREX\_HOME/}
}

@ONLINE{Ni2011,
  title = {Harmony Progression Analyzer for MIREX 2011},
  author = {Ni, Y. and Mcvicar, M. and Santos-Rodriguez, R. and De Bie, T.},
  year = {2011},
  url = {http://www.music-ir.org/mirex/abstracts/2011/NMSD1.pdf}
}

